% Encoding: ISO-8859-1

@BOOK{Abramowitz2013,
author="Alan I. Abramowitz",
year="2013",
title="The Polarized Public: Why American Government is So Dysfunctional",
publisher="New York: Pearson"
}

@ARTICLE{AbramsFiorina2012,
author="Samuel J. Abrams and Morris P. Fiorina",
year="2012",
title="'The Big Sort' That Wasn't: A Skeptical Reexamination",
journal="PS: Political Science and Politics",
volume="45",
number="2",
pages="203-210"
}

@BOOK{Achen1986,
author="Christopher H. Achen",
year="1986",
title="The Statistical Analysis of Quasi-Experiments",
publisher="Berkeley: The University of California Press"
}

@BOOK{AchenShively1995,
author="Christopher H. Achen and W. Phillips Shively",
year="1995",
title="Cross-Level Inference",
publisher="Chicago: University of Chicago Press"
}

@incollection{Ahnetal2010,
author="T.K. Ahn and Robert Huckfeldt and Alex K. Mayer and John B. Ryan",
year="2010",
title="Politics, Expertise, and Interdependence within Electorates",
editor="Jan E. Leighley",
booktitle="The Oxford Handbook of American Elections and Political Behavior",
pages="278-299",
publisher="New York: Oxford University Press"
}

@ARTICLE{Ahnetal2013,
author="T.K. Ahn and Robert Huckfeldt and Alexander K. Mayer and John Barry Ryan",
year="2013",
title="Expertise and Bias in Political Communication Networks",
journal="American Journal of Politics Science",
volume="57",
number="2",
pages="357-373"
}

@ARTICLE{AhnHuckfeldtRyan2010,
author="T.K. Ahn and Robert Huckfeldt and John Barry Ryan",
year="2010",
title="Communication, Influence, And Informational Asymmetries Among Voters",
journal="Political Psychology",
volume="31",
number="5",
pages="763-787"
}

@BOOK{AhnHuckfeldtRyan2014,
author="T.K. Ahn and Robert Huckfeldt and John Barry Ryan",
year="2014",
title="Experts, Activists, and Interdependent Citizens: Are Electorates Self-Educating?",
publisher="New York: Cambridge University Press"
}

@ARTICLE{AhnIsaacSalmon2011,
author = "T.K. Ahn and Mark Isaac and Timothy C. Salmon",
title = "Rent-Seeking in Groups",
year = "2011",
journal = "International Journal of Industrial Organization",
volume = "29",
number = "1",
pages = "116-125"
}

@ARTICLE{AhnRyan2015,
author="T.K. Ahn and John Barry Ryan",
year="2015",
title="The Overvaluing of Expertise in Discussion Partner Choice",
journal="Journal of Theoretical Politics",
volume="27",
number="3",
pages="380-400"
}

@ARTICLE{Aldrich1993,
author = "John H. Aldrich",
title = "Rational Choice and Turnout",
year = "1993",
journal = "American Journal of Political Science",
volume = "37",
number = "1",
pages = "246-278"
}

@BOOK{Aldrich1995,
author = "John H. Aldrich",
year="1995",
title="Why Parties? The Origin and Transformation of Political Parties in America",
publisher="Chicago: The University of Chicago Press"
}

@ARTICLE{AlesinaCukierman1990,
author="Alberto Alesina and Alex Cukierman",
year="1990",
title="The Politics of Ambiguity",
journal="Quarterly Journal of Economics",
volume="105",
number="4",
pages="829-50"
}

@ARTICLE{Althaus1998,
author="Scott L. Althaus",
year="1998",
title="Information effects in collective preferences",
journal="American Political Science Review",
volume="92",
number="3",
pages="545-558"
}

@BOOK{Althaus2004,
author="Scott L. Althaus",
year="2004",
title="Collective preferences in democratic politics: Opinion surveys and the will of the people",
publisher="New York: Cambridge University Press"
}

@BOOK{Alvarez1997,
author = "R. Michael Alvarez",
year="1997",
title="Information and Elections",
publisher="Ann Arbor: University of Michigan Press"
}

@unpublished{Anastasopoulos2014,
author="Anastasopoulos, L.Jason",
year="2014",
title="A Theory of Partisan Sorting and Geographic Polarization",
note="Working Paper: Harvard University Kennedy School of Government"
}



@ARTICLE{AnsolabehereSnyderStewart2001,
author = "Ansolabehere, Stephen and Snyder, Jr., James M. and Stewart, III, Charles",
title = "Candidate Positioning in U.S. House Elections",
year = "2001",
journal = "American Journal of Political Science",
volume = "45",
number = "1",
pages = "136-159"
}

@incollection{AronsonWilsonBrewer1998,
author="Elliot Aronson and Timothy D. Wilson and Marilynn B. Brewer",
year=" 1998",
title="Experimentation in social psychology",
editor="Daniel T. Gilbert and Susan T. Fiske and Gardner Lindzey",
booktitle="The Handbook of Social Psychology",
edition="4th",
publisher="Boston: McGraw-Hill",
pages="99-107"
}

@ARTICLE{BagozziDholakiaBasuroy2003,
author = "Richard P. Bagozzi and Utpal M. Dholakia and Suman Basuroy",
title = "How Effortful Decisions Get Enacted: the Motivating Role of Decision Processes, Desires, and Anticipated
Emotions",
year = "2003",
journal = "Journal of Behavioral Decision Making",
volume = "16",
number = "4",
pages = "273-295"
}

@ARTICLE{BaldassarriBearman2007,
author="Delia Baldassarri and Peter Bearman",
year="2007",
title="Dynamics of Political Polarization",
journal="American Sociological Review",
volume="72",
number="5",
pages="784-811"
}

@ARTICLE{Barabas2004,
author="Jason Barabas",
year="2004",
title="How Deliberation Affects Policy Opinions",
journal="American Political Science Review",
volume="98",
number="4",
pages="687-701"
}

@ARTICLE{BarabasJerit2010,
author = "Jason Barabas and Jennifer Jerit",
title = "Are Survey Experiments Externally Valid?",
year = "2010",
journal = "American Political Science Review",
volume = "104",
number = "2",
pages = "226-242"
}

@INCOLLECTION{BaronFrisch1994,
author="Jonathan Baron and Deborah Frisch",
year="1994",
title="Ambiguous Probabilities and the Paradoxes of Expected Utility",
editor="G. Wright and P. Ayton",
booktitle="Subjective Probability",
pages="273-294",
publisher="Chichester, Sussex: Wiley"
}

@BOOK{Bartels1988,
author="Larry M. Bartels",
year="1988",
title="Presidential Primaries and the Dynamics of Public Choice",
publisher="Princeton, NJ: Princeton University Press"
}

@ARTICLE{Bartels1996,
author="Larry M. Bartels",
year="1996",
title="Uninformed Votes: Information Effects in Presidential Elections",
journal="American Journal of Political Science",
volume="40",
number="1",
pages="194-230"
}

@ARTICLE{Bartels2002,
author="Larry M. Bartels",
year="2002",
title="Beyond the Running Tally: Partisan Bias in Political Perceptions",
journal="Political Behavior",
volume="24",
number="2",
pages="117-150"
}

@ARTICLE{BattagliniMortonPalfrey2010,
author = "Marco Battaglini and Rebecca B. Morton and Thomas R. Palfrey",
title = "The Swing Voter's Curse in the Laboratory",
year = "2010",
journal = "Review of Economic Studies",
volume = "77",
number = "1",
pages = "61-89"
}

@ARTICLE{BaumKernell1999,
author="Matthew A. Baum and Samuel Kernell",
year="1999",
title="Has Cable Ended the Golden Age of Presidential Television?",
journal="American Political Science Review",
volume="93",
number="1",
pages="99-114"
}

@ARTICLE{Beck2002,
author="Paul A. Beck",
year="2002",
title="Encouraging Political Defection: The Role of Personal Discussion Networks in Partisan Desertions to the Opposition Party and Perot Votes in
1992",
journal="Political Behavior",
volume="24",
number="4",
pages="309-337"
}


@ARTICLE{BelliTraugottBeckmann2001,
author = "Robert F. Belli and Michael W. Traugott and Matthew N. Beckmann",
title = "What Leads to Voter Overreports? Contrasts of Overreporters to Validated Voters and Admitted Non-Voters in
the American National Election Study",
year = "2001",
journal = "Journal of Official Statistics",
volume = "17",
number = "4",
pages = "479-498"
}

@BOOK{BerelsonLazarsfeldMcPhee1954,
author="Bernard R. Berelson and Paul F. Lazarsfeld and William N. McPhee",
year="1954",
title="Voting: A Study of Opinion Formation in a Presidential Campaign",
publisher="Chicago: University of Chicago Press"
}


@ARTICLE{Berrensetal2003,
author="Robert P. Berrens and Alok K. Bohara and Hank Jenkins-Smith and Carol Silva and David L. Weimer",
year="2003",
title="The Advent of Internet Surveys for Political Research: A Comparison of Telephone and Internet Samples",
journal="Political Analysis",
volume="11",
number="1",
pages="1-22"
}

@ARTICLE{BerryDeMerittEsarey2010,
author = "William D. Berry and Jacqueline H. R. DeMeritt and Justin Esarey",
title = "Testing for Interaction in Binary Logit and Probit Models: Is a Product Term Essential?",
year = "2010",
journal = "American Journal of Political Science",
volume = "54",
number = "1",
pages = "248-266"
}

@ARTICLE{Bettmanetal1993,
author="J.R. Bettman and E.J. Johnson and M. F. Luce and J.W. Payne",
year="1993",
title="Correlation, conflict, and choice",
journal="Journal of Experimental Psychology: Learning, Memory, and Cognition",
volume="19",
pages="931-951"
}

@BOOK{Bishop2009,
author="Bill Bishop",
year="2009",
title="The Big Sort: Why the Clustering of Like-Minded America is Tearing Us Apart",
publisher="New York: Mariner Books"
}

@TECHREPORT{BockNicklischBaetge2012,
author="Olaf Bock and Andreas Nicklisch and Ingmar Baetge",
year="2012",
title="hroot: Hamburg registration and organization online tool",
institution="H-Lab Working Paper Number 1",
}

@ARTICLE{BoltonOckenfels2000,
author="Gary E. Bolton and Axel Ockenfels",
year="2000",
title="ERC: A theory of Equity, Reciprocity, and Competition",
journal="American Economic Review",
volume="90",
number="1",
pages="166-193"
}


@BOOK{BorgattiEverettFreeman2002,
author="Stephen Peter Borgatti and Martin G. Everett and Linton C. Freeman",
year="2002",
title="Ucinet for Windows: Software for Social Network Analysis",
publisher="Harvard, MA: Analytic Technologies"
}


@BOOK{BoxSteffensmeierJones2005,
author="Janet M. Box-Steffensmeier and Bradford S. Jones",
year="2005",
title="Event History Modeling: A Guide for Social Scientists",
publisher="New York: Cambridge University Press"
}

@BOOK{BoydRicherson1985,
author="Robert Boyd and Peter Richerson",
year="1985",
title="Culture and the Evolutionary Process",
publisher="Chicago: University of Chicago Press"
}


@ARTICLE{BraderTuckerDuell2013,
author="Ted Brader and Joshua Tucker and Dominik Duell",
year="2013",
title="Which Parties Can Lead Opinion? Experimental Evidence on Partisan Cue Taking in Multiparty Democracies",
journal="Comparative Political Studies",
voluem="46",
pages="1485-1517"
}

@ARTICLE{BradySniderman1985,
author="Henry E. Brady and Paul M. Sniderman",
year="1985",
title="Attitude attribution: A group basis for political reasoning",
journal="American Political Science Review",
volume="79",
number="4",
pages="1061-1078"
}

@ARTICLE{BramborClarkGolder2005,
author="Thomas Brambor and William Roberts Clark and Matt Golder",
year="2005",
title="Understanding Interaction Models: Improving Empirical Analyses",
journal="Political Analysis",
volume="14",
number="1",
pages="63-82"
}

@ARTICLE{BriansWattenberg1996,
author="Craig Leonard Brians and Martin P. Wattenberg",
year="1996",
title="Campaign Issue Knowledge and Salience: Comparing Reception from TV Commercials, TV News and Newspapers",
journal="American Journal of Political Science",
volume="40",
number="1",
pages="172-193"
}

@ARTICLE{Brooks2011,
author = "Deborah J. Brooks",
title = "Testing the Double Standard for Candidate Emotionality: Voter Reactions to the Tears and Anger of Male and
Female Politicians",
year = "2011",
journal = "Journal of Politics",
volume = "73",
number = "2",
pages = "597-615"
}

@ARTICLE{Bullock2011,
author="John G. Bullock",
year="2011",
title="Elite Influence on Public Opinion in an Informed Electorate",
journal="American Political Science Review",
volume="105",
number="3",
pages="496-515"
}


@ARTICLE{Burt1987,
author="Ronald S. Burt",
year="1987",
title="Social Contagion and Innovation: Cohesion versus Structural Equivalence",
journal="American Journal of Sociology",
volume="92",
number="6",
pages="1287-1335"
}


@ARTICLE{BusemeyerTowensend1993,
author = "Jerome R. Busemeyer and James T. Towensend",
title = "Decision Field Theory: A Dynamic-Cognitive Approach to Decision Making in an Uncertain Environment",
year = "1993",
journal = "Psychological Review",
volume = "100",
number = "3",
pages = "432-459"
}


@INCOLLECTION{ButticeHuckfeldtRyan2009,
author="Matthew Buttice and Robert Huckfeldt and John Barry Ryan",
year="2009",
title="Political Polarization and Communication Networks in the 2006 Congressional Elections",
editor="Jeffery J. Mondak and Donna-Gene Mitchell",
booktitle="Fault Lines: Why the Republicans Lost Congress",
publisher="New York: Routledge",
pages="42-60"
}

@ARTICLE{CallanderWilson2008,
author="Steven Callander and Catherine H. Wilson",
year="2008",
title="Context-Dependent Voting and Political Ambiguity",
journal="Journal of Public Economics",
volume="92",
number="3-4",
pages="565-581"
}

@ARTICLE{Calvert1985,
author="Randall L. Calvert",
year="1985",
title="The Value of Biased Information: A Rational Choice Model of Political Advice",
journal="The Journal of Politics",
volume="47",
number="2",
pages="530-555"
}

@BOOK{Campbelletal1960,
author="Angus Campbell and Philip E. Converse and Warren E. Miller and Donald E. Stokes",
year="1960",
title="The American Voter",
publisher="Chicago: The University of Chicago Press"
}


@ARTICLE{Campbell1983,
author="James Campbell",
year="1983",
title="Ambiguity in the Issue Positions of Presidential Candidates: A Causal Analysis",
journal="American Journal of Political Science",
volume="27",
number="2",
pages="284-293"
}

@ARTICLE{ChaffeeFrank1996,
author="Steven Chaffee and Stacey Frank",
year="1996",
title="How Americans Get Political Information: Print Versus Broadcast News",
journal="Annals of the American Academy of Political and Social Science",
volume="546",
pages="48-58"
}

@ARTICLE{ChaffeeZhaoLeshner1994,
author="Steven H. Chaffee and Xinshu Zhao and Glenn Leshner",
year="1994",
title="Political Knowledge and the Campaign Media of 1992",
journal="Communication Research",
volume="21",
number="3",
pages="305-324"
}

@ARTICLE{Chappell1994,
author="Chappell, Jr., Henry W.",
year="1994",
title="Campaign Advertising and Political Ambiguity",
journal="Public Choice",
volume="79",
number="3-4",
pages="281-303"
}

@ARTICLE{ChatterjeeHeath1996,
author="Subimal Chatterjee and Timothy B. Heath",
year="1996",
title="Conflict and Loss Aversion in Multiattribute Choice: The Effects of Trade-Off Size and Reference Dependence on Decision Difficulty",
journal="Organizational Behavior and Human Decision Processes",
volume="67",
issue="2",
pages="144-155"
}

@ARTICLE{ChenRodden2013,
author="Jowei Chen and Jonathan Rodden",
year="2013",
title="Unintentional Gerrymandering: Political Geography and Electoral Bias in Legislatures",
journal="Quarterly Journal of Political Science",
volume="8",
number="3",
pages="239-269"
}

@ARTICLE{ChiFeltovichGlaser1981,
author="Michelene T. H. Chi and Paul J. Feltovich and Robert Glaser",
year="1981",
title="Categorization and Representation of Physics Problems by Experts and Novices",
journal="Cognitive Science",
volume="5",
number="2",
pages="121-52"
}

@BOOK{Cialdini1984,
author="Robert B. Cialdini",
year="1984",
title="Influence: How and Why People Agree to Things",
publisher="New York: William Morrow and Company"
}



@ARTICLE{CobbKuklinski1997,
author="Michael D. Cobb and James H. Kuklinski",
year="1997",
title="Changing Minds: Political Arguments and Political Persuasion Changing Minds: Political Arguments and Political Persuasion",
journal="American Journal of Political Science",
Volume="41",
number="1",
pages="88-121"
}

@incollection{Converse1964,
author="Philip E. Converse",
year=" 1964",
title="The nature of belief systems in mass publics",
editor="David E. Apter",
booktitle="Ideology and Discontent",
publisher="New York: Free Press",
pages="206-261"
}

@ARTICLE{Converse1962,
author="Philip E. Converse",
title="Information Flow and the Stability of Partisan Attitudes",
journal="Public Opinion Quarterly",
volume="26",
number="4",
pages="578-599"
}

@ARTICLE{Crawford2003,
author = "Vincent P. Crawford",
title = "Lying for Strategic Advantage: Rational and Boundedly Rational Misrepresentation of Intentions",
year="2003",
journal="American Economic Review",
volume="93",
number="1",
pages="133-149"
}

@ARTICLE{CrawfordSobel1982,
author = "Vincent P. Crawford and Joel Sobel",
title = "Strategic Information Transmission Strategic Information Transmission",
year = "1982",
journal = "Econometrica",
volume = "50",
number = "6",
pages = "1431-1451"
}


@ARTICLE{CrookYoungjohnLarrabee1990,
author="Thomas H. Crook and James R. Youngjohn and Glenn J. Larrabee",
year="1990",
title="TV News Test: A New Measure of Everyday Memory for Prose",
journal="Neuropsychology",
volume="4",
number="3",
pages="135-145"
}

@ARTICLE{Daveetal2010,
author="Chetan Dave and Catherine C. Eckel and Cathleen A. Johnson and Christian Rojas",
year="2010",
title="Eliciting risk preferences: When is simple better?",
journal="Journal of Risk and Uncertainty",
volume="41",
number="3",
pages="219-243"
}

@BOOK{DelliCarpiniKeeter1996,
author="Delli Carpini, Michael X. and Scott Keeter",
year="1996",
title="What Americans Know About Politics and Why It Matters",
publisher="New Haven: Yale University Press"
}



@ARTICLE{DholakiaBagozzi2002,
author="Utpal Dholakia and Richard Bagozzi",
year="2002",
title="Mustering motivation to enact decisions: how decision process characteristics influence Goal Realization",
journal="Journal of Behavioral Decision Making",
volume="15",
number="3",
pages="167-188"
}

@ARTICLE{DholakiaBagozziGopinath2007,
author="Utpal Dholakia and Richard Bagozzi and Mahesh Gopinath",
year="2007",
title="How formulating implementation plans and remembering past actions facilitates the enactment of effortful decisions",
journal="Journal of behavioral decision making",
volume="20",
pages="343- 364"
}

@ARTICLE{Dickman1990,
author="Scott J. Dickman",
year="1990",
title="Functional and Dysfunctional Impulsivity: Personality and Cognitive Correlates",
journal="Journal of Personality and Social Pscyhology",
volume="58",
number="1",
pages="95-102"
}

@BOOK{Downs1957,
author="Anthony Downs",
year="1957",
title="An Economic Theory of Democracy",
publisher="New York: Harper Row"
}

@ARTICLE{Druckman2004,
author="James N. Druckman",
year="2004",
title="Priming the Vote: Campaign Effects in a U.S. Senate Election",
journal="Political Psychology",
volume="25",
number="4",
pages="577-94"
}

@INCOLLECTION{DruckmanKam2011,
author="James N. Druckman and Cindy Kam",
year="2011",
title="Students as Experimental Participants: A Defense of the 'Narrow Data Base'",
booktitle="Cambridge Handbook of Experimental Political Science",
editor="James N. Druckman and Donald P. Green and James H. Kuklinksi and Arthur Lupia",
publisher="New York: Cambridge University Press"
}

@ARTICLE{DruckmanKiferParkin2009,
author="James N. Druckman and Martin Kifer and Michael Parkin",
year="2009",
title="Campaign Communications in U.S. Congressional Elections",
journal="American Political Science Review",
volume="103",
number="3",
pages="343-66"
}

@ARTICLE{DruckmanNelson2003,
author="James N. Druckman and Kjersten R. Nelson",
year="2003",
title="Framing and Deliberating: How Citizens' Conversations Limit Elite Influence",
journal="American Journal of Political Science",
volume="47",
number="4",
pages="729-745"
}

@ARTICLE{EckelGrossman2002,
author="Catherine C. Eckel and Philip J. Grossman",
year="2002",
title="Sex differences and statistical stereotyping in attitudes toward financial risk",
journal="Evolution and Human Behavior",
volume="23",
number="4",
pages="281-295"
}

@ARTICLE{EinhornHogarth1981,
author="Hillel J. Einhorn and Robin M. Hogarth",
year="1981",
title="Behavioral Decision Theory: Processes of Judgment and Choice",
journal="Journal of Accounting Research",
volume="19",
number="1",
pages="1-31"
}


@ARTICLE{EinhornHogarth1985,
author="Hillel J. Einhorn and Robin M. Hogarth",
year="1985",
title="Ambiguity and Uncertainty in Probabilistic Inference",
journal="Psychological Review",
volume="92",
pages="433-461"
}

@ARTICLE{Ellsberg1961,
author="Daniel Ellsberg",
year="1961",
title="Risk, Ambiguity, and the Savage Axioms",
journal="The Quarterly Journal of Economics",
volume="75",
number="4",
pages="643-669"
}

@BOOK{EriksonMacKuenStimson2002,
author="Robert S. Erikson and Michael B. MacKuen and James A. Stimson",
year="2002",
title="The Macro Polity",
publisher="New York: Cambridge University Press"
}

@INCOLLECTION{EriksonWright2001,
author="Robert S. Erikson and Gerald C. Wright",
year="2001",
title="Voters, Candidates and Issues in Congressional Elections",
booktitle="Congress Reconsidered",
editor="Lawrence C. Dodd and Bruce I. Oppenheimer",
publisher="Washington, D.C.: CQ Press"
}

@ARTICLE{Evenden1999,
author="John L. Evenden",
year="1999",
title="Varieties of Impulsivity",
journal="Psychopharmacology",
volume="146",
pages="348-361"
}


@ARTICLE{FarrellRabin1996,
author="Joseph Farrell and Matthew Rabin",
year="1996",
title="Cheap Talk",
journal="Journal of Economic Perspectives",
volume="10",
pages="103-118"
}

@ARTICLE{FeddersenPesendorfer1996,
author="Timothy J. Feddersen and Wolfgang Pesendorfer",
year="1996",
title="The Swing Voter's Curse",
journal="The American Economic Review",
volume="86",
number="3",
pages="408-424"
}


@ARTICLE{FehrSchmidt1999,
author="Ernst Fehr and Klaus M. Schmidt",
year="1999",
title="A Theory of Fairness, Competition, and Cooperation",
journal="The quarterly journal of economics",
volume="114",
number="3",
pages="817--868",
}


@ARTICLE{FerejohnFiorina1974,
author="John A. Ferejohn and Morris P. Fiorina",
year="1974",
title="The Paradox of Not Voting: A Decision-theoretic Analysis",
journal="American Political Science Review",
volume="68",
number="2",
pages="525–536"
}


@ARTICLE{Festinger1954,
author="Leon Festinger",
year="1954",
title="A Theory of Social Comparison Processes",
journal="Human Relations",
volume="7",
pages="117-140"
}


@ARTICLE{Finifter1974,
author="Ada Finifter",
year="1974",
title="The Friendship Group as a Protective Environment for Political Deviants",
journal="American Political Science Review",
volume="68",
number="2",
pages="607-625"
}

@incollection{Fiorina1990,
author="Morris P. Fiorina",
year="1990",
title="Information and Rationality in Elections",
booktitle="Information and Democratic Processes",
editor="John A. Ferejohn and James H. Kuklinski",
publisher="Urbana: University of Illinois Press",
pages="329-342"
}

@ARTICLE{Fiorina1976,
author="Morris P. Fiorina",
year="1976",
title="The Voting Decision: Instrumental and Expressive Aspects",
journal="Journal of Politics",
volume="38",
number="2",
pages="390-415"
}



@ARTICLE{Fischbacher2007,
author="Urs Fischbacher",
year="2007",
title="Z-Tree: Zurich Toolbox for Ready-made Economic Experiments",
journal="Experimental Economics",
volume="10",
pages="171-178"
}

@ARTICLE{Fishkin1996,
author="James S. Fishkin",
year="1996",
title="The Televised Deliberative Poll: An Experiment in Democracy",
journal="Annals of the American Academy of Political and Social Science",
volume="546",
pages="132-140"
}

@ARTICLE{FiskeKinderLarter1983,
author="Susan T. Fiske and Donald R. Kinder and W. Michael Larter",
year="1983",
title="The Novice and the Expert: Knowledge-Based Strategies in Political Cognition",
journal="Journal of Experimental Social Psychology",
volume="19",
pages="381-400"
}

@ARTICLE{Fowler2006,
author="James H. Fowler",
year="2006",
title="Habitual Voting and Behavioral Turnout",
journal="The Journal of Politics",
volume="68",
number="2",
pages="335-344"
}

@ARTICLE{Fowleretal2011,
author="James H. Fowler and Michael T. Heaney and David W. Nickerson and John F. Padgett and Betsy Sinclair",
year="2011",
title="Causality in Political Networks",
journal="American Politics Research",
volume="39",
number="2",
pages="437-480"
}

@ARTICLE{Gant1983,
author="Michael M. Gant",
year="1983",
title="Citizen Uncertainty and Turnout in the 1980 Presidential Campaign",
journal="Political Behavior",
volume="5",
number="3",
pages="257-275"
}


@ARTICLE{GerberGreen1999,
author="Alan Gerber and Donald Green",
year="1999",
title="Misperceptions about Perceptual Bias",
journal="Annual Review of Political Science",
volume="2",
pages="189-210"
}

@ARTICLE{GerberHuber2009,
author="Alan S. Gerber and Gregory A. Huber",
year="2009",
title="Partisanship and Economic Behavior: Do Partisan Differences in Economic Forecasts Predict Real Economic Behavior?",
journal="American Political Science Review",
volume="103",
number="3",
pages="407-26"
}

@ARTICLE{Gilens2001,
author="Martin Gilens",
year="2001",
title="Political Ignorance and Collective Policy Preferences",
journal="American Political Science Review",
volume="95",
number="2",
pages="379-396"
}


@ARTICLE{GimpelKaufmann2007,
author="James G. Gimpel and Karen M. Kaufmann",
year="2007",
title="Batteground States versus Blackout States: The Behavioral Implications of Modern Presidential Campaigns",
journal="The Journal of Politics",
volume="69",
number="3",
pages="786-797"
}

@ARTICLE{GollwitzerSheeran2006,
author="Peter M. Gollwitzer and Paschal Sheeran",
year="2006",
title="Implementations Intentions And Goal Achievement: A Meta-Analysis of Effects and Processes",
journal="Advances in Experimental Social Psychology",
volume="38",
pages="69-119"
}

@ARTICLE{GomezHansfordKrause2007,
author="Brad Gomez and Thomas G. Hansford and George A. Krause",
year="2007",
title="The Republicans Should Pray for Rain: Weather, Turnout, and Voting in U.S. Presidential Elections",
journal="The Journal of Politics",
volume="69",
number="3",
pages="649-663"
}

@BOOK{Graber1988,
author="Doris A. Graber",
title="Processing the News: How People Tame the Information Tide",
year="1988",
publisher="New York: Longman"
}


@ARTICLE{Granovetter1978,
author="Mark Granovetter",
year="1978",
title="Threshold Models of Collective Behavior",
journal="American Journal of Sociology",
volume="83",
number="6",
pages="1420-1443"
}


@INCOLLECTION{Greiner2004,
author="Ben Greiner",
year="2004",
title="An Online Recruitment System for Economic Experiments",
booktitle="Forschung und wissenschaftliches Rechnen",
editor="Kurt Kremer and Volker Macho",
publisher="Gottingen, Germany: Datenverarbeitung",
pages="79-93"
}

@ARTICLE{Groseclose2001,
author="Tim Groseclose",
year="2001",
title="A Model of Candidate Location When One Candidate Has a Valence Advantage",
journal="American Journal of Political Science",
volume="45",
number="4",
pages="862-886"
}

@BOOK{HannemanRiddle2005,
author="Robert A. Hanneman and Mark Riddle",
year="2005",
title="Introduction to Social Network Methods",
publisher="Riverside, CA:  University of California, Riverside",
note="published in digital form at http://faculty.ucr.edu/~hanneman/"
}

@ARTICLE{Heekerenetal2004,
author="H.R. Heekeren and S. Marrett and P.A. Bandettini and L.G. Ungerleider",
year="2004",
title="A General Mechanism for Perceptual Decision-making in the Human Brain",
journal="Nature",
issue="7010",
pages="859-862"
}



@ARTICLE{HershSchaffner2013,
author="Eitan Hersh and Brian Schaffner",
year="2013",
title="Targeted Campaign Appeals and the Value of Ambiguity",
journal="Journal of Politics",
volume="75",
number="2",
pages="520-534"
}


@BOOK{Hewitt2001,
author="Don Hewitt",
year="2002",
title="Tell Me a Story: Fifty Years and 60 Minutes in Television",
publisher="New York: Public Affairs"
}


@ARTICLE{HightonWolfinger2001,
author="Benjamin Highton and Raymond E. Wolfinger",
year="2001",
title="The Political Implications of Higher Turnout",
journal="British Journal of Political Science",
volume="31",
number="1",
pages="179-223"
}

@ARTICLE{HillygusShields2005,
author="D. Sunshine Hillygus and Todd Shields",
year="2005",
title="Moral Issues and Voter Decision Making in the 2004 Presidential Election",
journal="PS: Political Science and Politics",
volume="38",
number="2",
pages="201-210"
}


@BOOK{HillygusShields2008,
author="D. Sunshine Hillygus and Todd G. Shields",
year="2008",
title="The Persuadable Voter: Wedge Issues in Presidential Campaigns",
publisher="Princeton, NJ: Princeton University Press"
}

@BOOK{HovlandJanisKelley1953,
author="Carl I. Hovland and Irving L. Janis and Harold H. Kelly",
year="1953",
title="Communication and Persuasion: Psychological Studies of Opinion Change",
publisher="New Haven: Yale University Press"
}


@ARTICLE{HuberHillLenz2012,
author="Gregory A. Huber and Seth J. Hill and Gabriel S. Lenz",
year="2012",
title="Sources of Bias in Retrospective Decision Making: Experimental Evidence on Voters' Limitations in Controlling
Incumbents",
journal="American Political Science Review",
volume="106",
number="4",
pages="720-741"
}

@ARTICLE{Huckfeldt2001,
author="Robert Huckfeldt",
year="2001",
title="The Social Communication of Political Expertise",
journal="American Journal of Political Science",
volume="45",
number="2",
pages="425-438"
}

@ARTICLE{Huckfeldt2007,
author="Robert Huckfeldt",
year="2007",
title="Unanimity, Discord, and the Communication of Public Opinion",
journal="American Journal of Political Science",
volume="51",
number="4",
pages="978-995"
}

@ARTICLE{HuckfeldtIkedaPappi2005,
author = "Robert Huckfeldt and Ken'ichi Ikeda and Franz Urban Pappi",
title = "Patterns of Disagreement in Democratic Politics: Comparing Germany, Japan, and the United States",
year = "2005",
journal = "American Journal of Political Science",
volume = "49",
number = "3",
pages = "497-514"
}

@incollection{HuckfeldtJohnsonSprague2005,
author = "Robert Huckfeldt and Paul E. Johnson and John Sprague",
editor = "Alan S. Zuckerman",
title = "Individuals, Dyads and Networks: Autoregressive Patterns of Political Influence",
year = "2005",
pages = "21-48",
booktitle = "The Social Logic of Politics: Personal Networks as Contexts for Political Behavior",
publisher = "Philadelphia: Temple University Press",
}

@BOOK{HuckfeldtJohnsonSprague2004,
author="Robert Huckfeldt and Paul E. Johnson and John Sprague",
year="2004",
title="Political Disagreement: The Survival of Diverse Opinions within Communication Networks",
publisher="New York: Cambridge University Press"
}

@ARTICLE{Huckfeldtetal1998,
author="Robert Huckfeldt and Jeffrey Levine and William Morgan and John Sprague",
year="1998",
title="Election Campaigns, Social Communication, and the Accessibility of Perceived Discussant Preference",
journal="Political Behavior",
volume="20",
number="4",
pages="263-294"
}

@ARTICLE{HuckfeldtMendezOsborn2004,
author="Robert Huckfeldt and Jeanette Morehouse Mendez and Tracy Osborn",
year="2004",
title="Disagreement, Ambivalence, and Engagement: The Political Consequences of Heterogeneous Networks",
journal="Political Psychology",
volume="25",
number="1",
pages="65-95"
}


@incollection{HuckfeldtSprague1993,
author="Robert Huckfeldt and John Sprague",
year=" 1993",
title="Citizens, Contexts, and Politics",
editor="Ada Finifter",
booktitle="Political Science: State of the Discipline II",
publisher="Washington, DC: American Political Science Association",
}

@ARTICLE{HuckfeldtSprague1991,
author="Robert Huckfeldt and John Sprague",
year="1991",
title="Discussant effects on vote choice: Intimacy, structure and interdependence",
journal="American Political Science Review",
volume="53",
number="1",
pages="122-158"
}


@BOOK{HuckfeldtSprague1995,
author="Robert Huckfeldt and John Sprague",
year="1995",
title="Citizens, Politics, and Social Communication: Information and Influence in an Election Campaign",
publisher="New York: Cambridge University Press"
}

@ARTICLE{HuckfeldtSpragueLevine2000,
author="Robert Huckfeldt and John Sprague and Jeffrey Levin",
year="2000",
title="The Dynamics of Collective Deliberation in the 1996 Election: Campaign Effects on Accessibility, Certainty, and Accuracy",
journal="American Political Science Review",
volume="94",
number="3",
pages="641-651"
}

@ARTICLE{Huckfeldt1983,
author="R. Robert Huckfeldt",
year="1983",
title="Social Contexts, Social Networks, and Urban Neighborhoods: Environmental Constraints on Friendship Choice",
journal="The American Journal of Sociology",
volume="89",
number="3",
pages="651-669"
}

@BOOK{IyengarKinder1987,
author="Shanto Iyengar and Donald R. Kinder",
year="1987",
title="News That Matters: Television and American Opinion",
publisher="Chicago: University of Chicago Press"
}

@ARTICLE{IyengarSoodLelkes2012,
author="Shanto Iyengar and Gaurav Sood and Yphtach Lelkes",
year="2012",
title="Affect, Not Ideology: A Social Identity Perspective on Polarization",
journal="Public Opinion Quarterly",
volume="76",
number="3",
pages="405-431"
}

@ARTICLE{JackmanSniderman2006,
author="Simon Jackman and Paul M. Sniderman",
year="2006",
title="The Limits of Deliberative Discussion: A Model of Everyday Political Arguments",
journal="The Journal of Politics",
volume="68",
number="2",
pages="272-283"
}


@MISC{JackmanVavreck2009,
author="Simon Jackman and Lynn Vavreck",
year="2009",
title="The 2008 Cooperative Campaign Analysis Project 2.1. YouGov/Polimetrix.",
note="Palo Alto: CA, YouGov/Polimetrix"
}

@incollection{Jacobson2000,
author="Gary C. Jacobson",
year="2000",
title="Party Polarization in National Politics: The Electoral Connection",
editor="Jon R. Bond and Richard Fleisher",
booktitle="Polarized Politics: Congress and the President in a Partisan Era",
publisher="Washington, DC: Congressional Quarterly Press",
}

@ARTICLE{Jensen2009,
author="Thomas Jensen",
year="2009",
title="Projection Effects and Strategic Ambiguity in Electoral Competition",
journal="Public Choice",
volume="141",
pages="213-232"
}

@conference{Jerit2007,
author="Jennifer Jerit",
year="2007",
title="Issue Publics, News Interest, and the Information Environment",
note="Paper presented at the annual meeting of the Midwest Political Science Association, Chicago."
}

@ARTICLE{JohnsonShivelyStein2002,
author="M. Johnson and W. Phillips Shively and R. M. Stein",
year="2002",
title="Contextual Data and the Study of Elections and Voting Behavior: Connecting Individuals to Environments",
journal="Electoral Studies",
volume="21",
number="2",
pages="219-233"
}


@ARTICLE{KuhbergerPerner2003,
author="Anton K{\"u}hberger and Josef Perner",
year="2003",
title="The Role of Competition and Knowledge in the Ellsberg Task",
journal="Journal of Behavioral Decision Making",
volume="16",
number="3",
pages="181-191"
}


@ARTICLE{KahnemanTversky1979,
author="Daniel Kahneman and Amos Tversky",
year="1979",
title="Prospect Theory: An Analysis of Decision under Risk",
journal="Econometrica",
volume="47",
number="2",
pages="263-292"
}

@ARTICLE{KamSimas2010,
author="Cindy D. Kam and Elizabeth Simas",
year="2010",
title="Risk Orientations and Policy Frames",
journal="Journal of Politics",
volume="72",
number="2",
pages="381-396"
}


@ARTICLE{KatoshTraugott1981,
author="John P. Katosh and Michael W. Traugott",
year="1981",
title="The Consequences of Validated and Self-Reported Measures",
journal="Public Opinion Quarterly",
volume="45",
number="4",
pages="519-535"
}

@ARTICLE{Katz1957,
author="Elihu Katz",
year="1957",
title="The Two Step Flow of Communication: An Up-to-Date Report on an Hypothesis",
journal="Public Opinion Quarterly",
volume="21",
number="1",
pages="67-81"
}

@ARTICLE{Kenny1998,
author="Christopher Kenny",
year="1998",
title="The Behavioral Consequences of Political Discussion: Another Look at Discussant Effects on Vote Choice",
journal="The Journal of Politics",
volume="60",
number="1",
pages="231-244"
}

@ARTICLE{KennyJenner2008,
author="Christopher Kenny and Eric Jenner",
year="2008",
title="Direction versus Proximity in the Social Influence Process",
journal="Political Behavior",
volume="30",
number="1",
pages="73-95"
}

@ARTICLE{Klofstad2007,
author="Casey Klofstad",
year="2007",
title="Talk Leads to Recruitment: How Discussions about Politics and Current Events Increase Civic Participation",
journal="Political Research Quarterly",
volume="60",
number="2",
pages="180-191"
}

@ARTICLE{Klofstad2009,
author="Casey Klofstad",
year="2009",
title="Civic Talk and Civic Participation: The Moderating Effect of Individual Predispositions",
journal="American Politics Research",
volume="37",
number="5",
pages="856-878"
}

@ARTICLE{KlofstadMcClurgRolfe2009,
author="Casey Klofstad and Scott D. McClurg and Meredith Rolfe",
year="2009",
title="Measurement of Political Discussion Networks: A Comparison of Two 'Name Generator' Procedures",
journal="Public Opinion Quarterly",
volume="73",
number="3",
pages="462-483"
}

@ARTICLE{KrackhardtStern1988,
author="David Krackhardt and Robert N. Stern",
year="1988",
title="Informal Networks and Organizational Crises: An Experimental Simulation",
journal="Social Psychology Quarterly",
volume="51",
number="2",
pages="123-140"
}

@INCOLLECTION{Krosnick2002,
author="Jon A. Krosnick",
year="2002",
title="The Challenges of Political Psychology: Lessons to be Learned from Research on Attitude Perception",
booktitle="Thinking about Political Psychology",
editor="James H. Kuklinski",
publisher="New York: Cambridge University Press",
pages="115-152"
}

@ARTICLE{Krosnick1990,
author="Jon A. Krosnick",
year="1990",
title="Government Policy and Citizen Passion: A Study of Issue Publics in Contemporary America",
journal="Political Behavior",
volume="12",
number="1",
pages="59-92"
}

@ARTICLE{KrosnickBrannon1993,
author="Jon A. Krosnick and Laura Brannon",
year="1993",
title="The Impact of the Gulf War on the Ingredients of Presidential Evaluations: Multidimensional Effects of
Political Involvement",
journal="American Political Science Review",
volume="87",
number="4",
pages="963-975"
}

@ARTICLE{Krupnikov2011,
author="Yanna Krupnikov",
year="2011",
title="When Does Negativity Demobilize? Tracing the Conditional Effect of Negative Campaigning on Voter Turnout",
journal="American Journal of Political Science",
volume="55",
number="4",
pages="797-813"
}

@ARTICLE{Krupnikov2014,
author="Yanna Krupnikov",
year="2014",
title="How Negativity Can Increase and Decrease Voter Turnout: The Effect of Timing",
journal="Political Communication",
volume="31",
number="3",
pages="446-466"
}

@ARTICLE{KrupnikovLevine2014,
author="Yannna Krupnikov and Adam Seth Levine",
year="2014",
title="Cross-Sample Comparisons and External Validity",
journal="Journal of Experimental Political Science",
volume="1",
number="1",
pages="59-80"
}


@conference{KrupnikovMilitaRyan2015,
author="Yanna Krupnikov and Kerri Milita and John Barry Ryan",
year="2015",
title="Gender Differences in the Quality of Political Discussion",
note="Paper presented at the annual meeting of the International Society of Political Psychology, San Diego"
}

@ARTICLE{KrupnikovPistonND,
author="Yanna Krupnikov and Spencer Piston",
year="Forthcoming",
title="Racial Prejudice, Partisanship, and White Turnout in Elections with Black Candidates",
journal="Political Behavior",
note="DOI: 10.1007/s11109-014-9268-2"
}

@conference{KrupnikovRyan2013,
author="Yanna Krupnikov and John Barry Ryan",
year="2013",
title="Choice vs. Action: Candidate Ambiguity and Voter Decision Making",
note="Paper presented at the annual meeting of the Midwest Political Science Association, Chicago"
}

@incollection{KuklinskiQuirk2000,
author="James H. Kuklinski and Paul J. Quirk",
year="2000",
title="Reconsidering the Rational Public: Cognition, Heuristics, and Mass Opinion",
editor="Arthur Lupia and Mathew D. McCubbins and Samuel L. Popkin",
booktitle="Elements of Reason: Cognition, Choice, and the Bounds of Rationality",
publisher="New York: Cambridge University Press",
pages="153-182"
}

@ARTICLE{Kuklinskietal2001,
author="James H. Kuklinski and Paul J. Quirk and Jennifer Jerit and Robert F. Rich",
year="2001",
title="The Political Environment and Citizen Competence",
journal="American Journal of Political Science",
volume="45",
number="2",
pages="410-424"
}

@ARTICLE{Kuklinskietal2000,
author="James H. Kuklinski and Paul J. Quirk and Jennifer Jerit and David Schwieder and Robert F. Rich",
year="2000",
title="Misinformation and the Currency of Democratic Citizenship",
journal="The Journal of Politics",
volume="62",
number="3",
pages="790-816"
}

@ARTICLE{LarocheKimZhou1996,
author="Michael Laroche and Chankon Kim and Lianxi Zhou",
year="1996",
title="Brand Familiarity and Confidence as Determinants of Purchase Intention: An Empirical Test in a Multiple Brand
Context",
journal="Journal of Business Research",
volume="37",
number="2",
pages="115-120"
}

@ARTICLE{LauAndersenRedlawsk2008,
author="Richard R. Lau and David J. Andersen and David P. Redlawsk",
year="2008",
title="An Exploration of Correct Voting in Recent U.S. Presidential Elections",
journal="American Journal of Political Science",
volume="52",
number="2",
pages="395-411"
}



@ARTICLE{LauRedlawsk1997,
author="Richard R. Lau and David P. Redlawsk",
year="1997",
title="Voting Correctly",
journal="American Political Science Review",
volume="91",
number="3",
pages="585-598"
}

@ARTICLE{LauRedlawsk2001,
author="Richard R. Lau and David P. Redlawsk",
year="2001",
title="Advantages and Disadvantages of Cognitive Heuristics in Political Decision Making",
journal="American Journal of Political Science",
volume="45",
number="4",
pages="951-971"
}

@BOOK{LauRedlawsk2006,
author="Richard R. Lau and David P. Redlawsk",
year="2006",
title="How Voters Decide: Information Processing During Election Campaigns",
publisher="New York: Cambridge University Press"
}

@BOOK{LazarsfeldBerelsonGaudet1948,
author="Paul F. Lazarsfeld and Bernard Berelson and Hazel Gaudet",
year="1948",
title="The People's Choice: How a Voter Makes Up His Mind in a Presidential Campaign",
publisher="New York: Columbia University Press"
}

@BOOK{Lippmann1922,
author="Walter Lippmann",
year="1922",
title="Public Opinion",
publisher="New York, Free Press Paperbacks"
}

@ARTICLE{LodgeSteenbergenBrau1995,
author="Milton Lodge and Marco Steenbergen and Shawn Brau",
year="1995",
title="The Responsive Voter: Campaign Information and the Dynamics of Candidate Evaluations",
journal="American Political Science Review",
volume="89",
number="2",
pages="309-326"
}

@incollection{LodgeTaber2000,
author="Milton Lodge and Charles Taber",
year="2000",
title="Three Steps toward a Theory of Motivated Political Reasoning",
editor="Arthur Lupia and Mathew D. McCubbins and Samuel L. Popkin",
booktitle="Elements of Reason: Cognition, Choice, and the Bounds of Rationality",
publisher="New York: Cambridge University Press"
}

@BOOK{LupiaMcCubbins1998,
  AUTHOR = "Arthur Lupia and Mathew D. McCubbins",
  TITLE = "The Democratic Dilemma: Can Citizens Learn What They Need To Know?",
  PUBLISHER = "New York: Cambridge University Press",
  YEAR = "1998"}

@ARTICLE{Luskin1990,
author="Robert C. Luskin",
year="1990",
title="Explaining Political Sophistication",
journal="Political Behavior",
volume="12",
number="4",
pages="331-361"
}

@ARTICLE{LuskinFishkinJowell2002,
author="Robert C. Luskin and James S. Fishkin and Roger Jowell",
year="2002",
title="Considered Opinions: Deliberative Polling in Britain",
journal="British Journal of Political Science",
volume="32",
number="3",
pages="455-487"
}



@incollection{MacKuen1990,
author="Michael MacKuen",
year="1990",
title="Speaking of Politics: Individual Conversational Choice, Public Opinion and the Prospects for Deliberative Democracy",
booktitle="Information and Democratic Processes",
editor="John A. Ferejohn and James H. Kuklinski",
publisher="Urbana: University of Illinois Press",
pages="59-99"
}

@ARTICLE{MacKuenBrown1987,
author="Michael MacKuen and Courtney Brown",
year="1987",
title="Political Context and Attitude Change",
journal="American Political Science Review",
volume="81",
number="2",
pages="471-490"
}

@ARTICLE{Mason2015,
author="Lilliana Mason",
title="'I Disrespectfully Agree': The Differential Effects of Partisan Sorting on Social and Issue Polarization",
journal="American Journal of Political Science",
year="2015",
volume="59",
number="1",
pages="128-145"
}

@BOOK{MaxwellDelaney2004,
author="Scott E. Maxwell and Harold D. Delaney",
year="2004",
title="Designing Experiments and Analyzing Data",
publisher="New York: Taylor and Francis Group"
}

@ARTICLE{Mayeretal2005,
author="Richard E. Mayer and Mary Hegarty and Sarah Mayer and Julie Campbell",
year="2005",
title="When Static Media Promote Active Learning: Annotated Illustrations Versus Narrated Animations in Multimedia Instruction",
journal="Journal of Experimental Psychology: Applied",
volume="11",
number="4",
pages="256-265"
}

@Conference{McCartyetal2013,
author="Nolan McCarty and Jonathan Rodden and Boris Shor and Chris Tausanovitch and Chris Warshaw",
year="2013",
title="Geography and Polarization",
note="Paper presented at the annual meeting of the American Political Science Association, Chicago"
}

@ARTICLE{McClurg2006,
author="Scott D. McClurg",
year="2006",
title="The Electoral Relevance of Political Talk: Examining Disagreement and Expertise Effects in Social Networks on Political Participation",
journal="American Journal of Political Science",
volume="50",
number="3",
pages="737-754"
}

@conference{McClurgWade2006,
author="Scott D. McClurg and Michelle Wade",
year="2006",
title="He Said, She Said: The Interpersonal Foundations of the Gender Gap",
note="Paper presented at the annual meeting of the Midwest Political Science Association, Chicago"
}

@INCOLLECTION{McDermott2011,
author="Rose McDermott",
year="2011",
title="Internal and External Validity",
booktitle="Cambridge Handbook of Experimental Political Science",
editor="James N. Druckman and Donald Green and James H. Kuklinski and Arthur Lupia",
publisher="New York: Cambridge University Press",
pages="27=40"
}

@ARTICLE{McDermott2002,
author="Rose McDermott",
year="2002",
title="Experimental Methods in Political Science",
journal="Annual Review of Political Science",
volume="5",
pages="31-61"
}

@ARTICLE{McDonald2011,
author="Ian McDonald",
year="2011",
title="Migration and Sorting in the American Electorate: Evidence from the 2006 Cooperative Congressional Election Study",
journal="American Politics Research",
volume="39",
number="3",
pages="512-533"
}

@ARTICLE{McDonald2006,
author="Michael P. McDonald",
year="2006",
title="Drawing the Line on Distict Competition",
journal="PS: Political Science and Politics",
volume="39",
number="1",
pages="91-94"
}



@INCOLLECTION{McGraw2011,
author="Kathleen M. McGraw",
year="2011",
title="Candidate Impressions and Evaluations",
booktitle="Cambridge Handbook of Experimental Political Science",
editor="James N. Druckman and Donald Green and James H. Kuklinski and Arthur Lupia",
publisher="New York: Cambridge University Press",
pages="187-200"
}

@ARTICLE{Meirowitz2005,
author="Adam Meirowitz",
year="2005",
title="Informational Party Primaries and Strategic Ambiguity",
journal="Journal of  Theoretical Politics",
volume="17",
pages="107-136"
}


@conference{MendezOsborn2005,
author="Jeanette Mendez and Tracy Osborn",
year="2005",
title="Gender Crossfire? The Political Discussion of Women and Men",
note="Paper presented at the annual meeting of the Midwest Political Science Association, Chicago"
}


@ARTICLE{MilazzoND,
author="Caitlin Milazzo",
year="Forthcoming",
title="Getting it Right When it Counts: Constituency Marginality and Voters' Perceptions of British Parties' Policy Positions",
journal="Journal of Elections, Public Opinion and Parties"
}

@ARTICLE{MilitaRyanSimas2014,
author="Kerri Milita and John Barry Ryan and Elizabeth N. Simas",
year="2014",
title="Nothing to Hide, Nowhere to Run, or Nothing to Lose: Candidate Position-taking in Congressional Elections",
journal="Political Behavior",
volume="36",
number="2",
pages="427-449"
}



@ARTICLE{MilitaRyanSimasND,
author="Kerri Milita and John Barry Ryan and Elizabeth N. Simas",
year="Forthcoming",
title="Nothing to Hide, Nowhere to Run, or Nothing to Lose: Candidate Position-taking in Congressional Elections",
journal="Political Behavior",
}

@ARTICLE{Mondak1995AJPS,
author="Jeffery J. Mondak",
year="1995",
title="Newspapers and Political Awareness",
journal="American Journal of Political Science",
volume="39",
number="2",
pages="513-527"
}

@ARTICLE{Mondak1995JOP,
author="Jeffery J. Mondak",
year="1995",
title="Media Exposure and Political Discussion in U.S. Elections",
journal="The Journal of Politics",
volume="57",
number="1",
pages="62-85"
}

@ARTICLE{Mutz2002AJPS,
author="Diana C. Mutz",
year="2002",
title="The Consequences of Cross-Cutting Networks for Political Participation",
journal="American Journal of Political Science",
volume="46",
number="4",
pages="838-855"
}

@BOOK{Mutz2006,
author="Diana C. Mutz",
year="2006",
title="Hearing the Other Side: Deliberative Versus Participatory Democracy",
publisher="New York: Cambridge University Press"
}

@ARTICLE{MutzMondak2006,
author="Diana C. Mutz and Jeffery J. Mondak",
year="2006",
title="The Workplace as a Context for Cross-cutting Political Discourse",
journal="The Journal of Politics",
volume="68",
number="1",
pages="140-155"
}

@ARTICLE{Nall2015,
author="Clayton Nall",
year="2015",
title="The Political Consequences of Spatial Policies: How Interstate Highways Facilitated Geographic Polarization",
journal="Journal of Politics",
volume="77",
number="2",
pages="394-406"
}

@BOOK{NeumanJustCrigler1992,
author="W. Russell Neuman and Marion R. Just and Ann N. Crigler",
year="1992",
title="Common Knowledge: News and the Construction of Political Meaning",
publisher="Chicago: University of Chicago Press"
}

@ARTICLE{Nickerson2008,
author="David W. Nickerson",
year="2008",
title="Is Voting Contagious? Evidence from Two Field Experiments",
journal="American Political Science Review",
volume="102",
number="1",
pages="49-57"
}

@BOOK{OliverHaCallen2012,
author="J. Eric Oliver and Shang E. Ha and Zachary Callen",
year="2012",
title="Local Elections and the Politics of Small-Scale Democracy",
publisher="Princeton, NJ: Princeton University Press"
}

@ARTICLE{Page1976,
author="Benjamin Page",
year="1976",
title="The Theory of Political Ambiguity",
journal="American Political Science Review",
volume="70",
number="3",
pages="742-752"
}

@BOOK{PageShapiro1992,
author="Benjamin I. Page and Robert Y. Shapiro",
year="1992",
title="The Rational Public: Fifty Years of Trends in Americans' Policy Preferences",
publisher="Chicago: University of Chicago Press"
}

@BOOK{Patterson1994,
author="Thomas E. Patterson",
year="1994",
title="Out of Order",
publisher="New York: Vintage Books"
}

@BOOK{PattersonMcClure1976,
author="Thomas E. Patterson and Robert D. McClure",
year="1976",
title="The Unseeing Eye: The Myth of Television Power in National Politics",
publisher="New York: Putnam"
}


@ARTICLE{Petrocik1996,
author="John Petrocik",
year="1996",
title="Issue Ownership in Presidential Elections, with a 1980 Case Study",
journal="American Journal of Political Science",
volume="40",
number="3",
pages="825-850"
}

@BOOK{PettyCacioppo1986,
author="Richard E. Petty and John T. Cacioppo",
year="1986",
title="Communication and Persuasion: Central and Peripheral Routes to Attitude Change",
publisher="New York: Springer-Verlag"
}

@ARTICLE{PietrykaND,
author="Matthew T. Pietryka",
year="Forthcoming",
title="Accuracy Motivations, Predispositions, and Social Information in Political Discussion Networks",
journal="Political Psychology",
note="DOI: 10.1111/pops.12255"
}

@conference{PietrykaDeBats2014,
author="Matthew T. Pietryka and Donald A. Debats",
year="2014",
title="Is it What you Have or Whom you Know? Socioeconomic Status, Social Networks, and Voter Turnout in a 19th Century U.S. Election",
note="Paper presented at the annual meeting of the Midwest Political Science Association, Chicago. Available at https://www.mpsanet.org/Portals/0/PaperArchive/129434-Pietryka-DeBats-vivavoce.pdf"
}




@ARTICLE{Pornpitakpan2004,
author="Chanthika Pornpitakpan",
year="2004",
title="The Persuasiveness of Source Credibility: A Critical Review of Five Decades' Evidence",
journal="Journal of Applied Social Psychology",
volume="34",
numer="2",
pages="243-28"
}

@ARTICLE{PriceZaller1993,
author="Vincent Price and John Zaller",
year="1993",
title="Who Gets the News? Alternative Measures of News Reception and Their Implications for Research",
journal="The Public Opinion Quarterly",
volume="57",
number="2",
pages="133-164"
}

@BOOK{Prior2007,
author="Markus Prior",
year="2007",
title="Post-Broadcast Democracy: How Media Choice Increases Inequality in Political Involvement and Polarizes Elections",
publisher="New York: Cambridge University Press"
}

@ARTICLE{Pulford2009,
author="Briony D. Pulford",
year="2009",
title="Is luck on my side? Optimism, Pessimism, and Ambiguity Aversion",
journal="Quarterly Journal of Experimental Psychology",
volume="62",
number="6",
pages="1079-1087"
}

@ARTICLE{Redlawsk2004,
author="David Redlawsk",
year="2004",
title="What Voters Do: Information Search during Election Campaigns",
journal="Political Psychology",
volume="25",
pages="595-610"
}

@ARTICLE{Richey2008BJPS,
author="Sean Richey",
year="2008",
title="The Autoregressive Influence of Social Network Political Knowledge on Voting Behaviour",
journal="British Journal of Political Science",
volume="38",
number="3",
pages="527-542"
}

@ARTICLE{Richey2008PC,
author="Sean Richey",
year="2008",
title="The Social Basis of Voting Correctly",
journal="Political Communication",
volume="25",
number="4",
pages="366-376"
}


@ARTICLE{RikerOrdeshook1968,
author="William H. Riker and Peter C. Ordeshook",
year="1968",
title="A Theory of the Calculus of Voting",
journal="American Political Science Review",
volume="62",
number="1",
pages="25-43"
}

@MISC{Rivers2006,
author="Douglas Rivers",
year="2006",
title="Sample Matching: Representative Sampling from Internet Panels",
note="from \url{www.polimetrix.com/documents/Polimetrix_Whitepaper_Sample_Matching.pdf}"
}

@Article{roberts2014stm,
  author =    {Roberts, Margaret E and Stewart, Brandon M and Tingley, Dustin},
  title =     {stm: R package for structural topic models},
  journal =   {Journal of Statistical Software},
  year =      {2014},
  volume =    {1},
  pages =     {1--49},
  owner =     {patrick},
  timestamp = {2016.03.28}
}

@Article{roberts2014structural,
  author =    {Roberts, Margaret E. and Stewart, Brandon M. and Tingley, Dustin and Lucas, Christopher and Leder-Luis, Jetson and Gadarian, Shana Kushner and Albertson, Bethany and Rand, David G.},
  title =     {Structural Topic Models for Open-Ended Survey Responses},
  journal =   {American Journal of Political Science},
  year =      {2014},
  volume =    {58},
  number =    {4},
  pages =     {1064--1082},
  abstract =  {Collection and especially analysis of open-ended survey responses are relatively rare in the discipline and when conducted are almost exclusively done through human coding. We present an alternative, semiautomated approach, the structural topic model (STM) (Roberts, Stewart, and Airoldi 2013; Roberts et al. 2013), that draws on recent developments in machine learning based analysis of textual data. A crucial contribution of the method is that it incorporates information about the document, such as the author's gender, political affiliation, and treatment assignment (if an experimental study). This article focuses on how the STM is helpful for survey researchers and experimentalists. The STM makes analyzing open-ended responses easier, more revealing, and capable of being used to estimate treatment effects. We illustrate these innovations with analysis of text from surveys and experiments.},
  doi =       {10.1111/ajps.12103},
  issn =      {1540-5907},
  owner =     {patrick},
  timestamp = {2016.03.28},
  url =       {http://dx.doi.org/10.1111/ajps.12103}
}

@ARTICLE{RobinsonLevy1986,
author="John P. Robinson and Mark R. Levy",
year="1986",
title="Interpersonal Communication and News Comprehension",
journal="The Public Opinion Quarterly",
volume="50",
number="2",
pages="160-175"
}

@ARTICLE{RodeCosmidesHellTooby1999,
author="Catrin Rode and Leda Cosmides and Wolfgang Hell and John Tooby",
year="1999",
title="When and Why Do People Avoid Unknown Probabilities in Decisions under Uncertainty? Testing Some Predictions from Optimal Foraging Theory",
journal="Cognition",
volume="72",
pages="269-304"
}

@ARTICLE{Rogers2014,
author="Jonathan Rogers",
year="2014",
title="A Communotropic Theory of Economic Voting",
journal="Electoral Studies",
volume="36",
pages="107-116"
}

@BOOK{Rolfe2012,
author="Meredith Rolfe",
year="2012",
title="Voter Turnout: A Social Theory of Political Participation",
publisher="New York: Cambridge University Press"
}

@ARTICLE{RossBierbrauerHoffman1976,
author="Lee Ross and Gunter Bierbrauer and Susan Hoffman",
year="1976",
title="The Role of Attribution Processes in Conformity and Dissent: Revisiting the Asch Situation",
journal="American Psychologist",
volume="31",
number="2",
pages="148-157"
}

@BOOK{Rousseau1762,
author="Jean-Jacques Rousseau",
year="1762/1994",
title="The Social Contract or the Principles of Political Right",
publisher="New York: Oxford University Press"
}

@ARTICLE{Ryan2010,
author="John Barry Ryan",
year="2010",
title="The Effects of Network Expertise and Biases on Vote Choice.",
journal="Political Communication",
volume="27",
number="1",
pages="44-58"
}

@ARTICLE{Ryan2011,
author="John Barry Ryan",
year="2011",
title="Social Networks as a Shortcut to Correct Voting",
journal="American Journal of Political Science",
volume="55",
number="4",
pages="753-766"
}

@ARTICLE{Ryan2013,
author="John Barry Ryan",
year="2013",
title="An Experimental Study of Persuasive Social Communication",
journal="Political Communication",
volume="30",
number="1",
pages="100-116"
}

@ARTICLE{RyanMilazzo2015,
author="John Barry Ryan and Caitlin Milazzo",
year="2015",
title="The South, the Suburbs, and the Vatican Too: Explaining Partisan Change Among Catholics",
journal="Political Behavior",
volume="37",
number="2",
pages="427-449"
}

@BOOK{FiorinaAbramsPope2005,
author="Morris P. Fiorina with Samuel J. Abrams and Jeremy C. Pope",
year="2005",
title="Culure War? The Myth of a Polarized America",
edition="2nd Edition",
publisher="New York: Pearson Longman"
}

@ARTICLE{Sandersetal2007,
author="David Sanders and Harold D. Clarke and Marianne C. Stewart and Paul Whiteley",
year="2007",
title="Does Mode Matter For Modeling Political Choice? Evidence From the 2005 British Election Study",
journal="Political Analysis",
volume="15",
number="3",
pages="257-285"
}


@ARTICLE{Sanders2001,
author="Mitchell S. Sanders",
year="2001",
title="Uncertainty and Turnout",
journal="Political Analysis",
volume="9",
number="1",
pages="45-57"
}

@ARTICLE{Schlag1999,
author="Karl Schlag",
year="1999",
title="Which One Should I Imitate",
journal="Journal of Mathematical Economics",
volume="31",
number="4",
pages="493-522"
}


@ARTICLE{Shepsle1972,
author="Kenneth Shepsle",
year="1972",
title="The Strategy of Ambiguity: Uncertainty and Electoral Competition",
journal="American Political Science Review",
volume="66",
number="3",
pages="555-68"
}

@ARTICLE{Smith1982,
author="Vernon L. Smith",
year="1982",
title="Microeconomic Systems as an Experimental Science",
journal="The American Economic Review",
volume="72",
number="5",
pages="923-955"
}


@INCOLLECTION{Sniderman1993,
author="Paul M. Sniderman",
year="1993",
title="The New Look in Public Opinion Research",
editor="Ada Finifter",
booktitle="Political Science: The State of the Discipline II",
publisher="Washington, D.C.: The American Political Science Association"
}


@INCOLLECTION{Sniderman2000,
author="Paul M. Sniderman",
year="2000",
title="Taking Sides: A Fixed Choice Theory of Political Reasoning",
editor="Anthony Lupia and Mathew D. McCubbins and Samuel L. Popkin",
booktitle="Elements of Reason: Cognition, Choice, and the Bounds of Rationality",
publisher="New York: Cambridge University Press",
pages="67-84"
}

@BOOK{SnidermanBrodyTetlock1991,
author="Paul M. Sniderman and Richard A. Brody and Philip E. Tetlock",
year="1991",
title="Reasoning and Choice: Explorations in Political Psychology",
publisher="New York: Cambridge University Press."
}

@ARTICLE{SokheyMcClurg2012,
author="Anand Edward Sokhey and Scott D. McClurg",
year="2012",
title="Social Networks and Correct Voting",
journal="Journal of Politics",
volume="74",
number="3",
pages="754-761"
}

@ARTICLE{SouthCrowder1997,
author="Scott J. South and Kyle D. Crowder",
year="1997",
title="Race, Suburbanization, and Back-to-the-City Moves",
journal="Demography",
volume="34",
number="4",
pages="525-538"
}

@ARTICLE{Stokes1963,
author="Donald Stokes",
year="1963",
title="Spatial Models of Party Competition",
journal="American Political Science Review",
volume="57",
number="2",
pages="368-377"
}

@ARTICLE{StoneSimas2010,
author="Walter J. Stone and Elizabeth Simas",
year="2010",
title="Candidate Valence and Ideological Positioning in House Elections",
journal="American Journal of Political Science",
volume="54",
number="2",
pages="371-388"
}

@ARTICLE{Sulkin2009,
author="Tracy Sulkin",
year="2009",
title="Campaign Appeals and Legislative Action",
journal="Journal of Politics",
volume="80",
number="3",
pages="1093-108"
}

@ARTICLE{Svenson1992,
author="Ola Svenson",
year="1992",
title="Differentiation and Consolidation Theory of Human Decision Making: A Frame of Reference for the Study of Pre-and Post-Decision Processes",
journal="Acta Psychologica",
volume="80",
number="1",
pages="143-168"
}

@ARTICLE{Svenson1996,
author="Ola Svenson",
year="1996",
title="Decision Making and the Search for Fundamental Psychological Regularities: What Can Be Learned from a Process Perspective?",
journal="Organizational Behavior and Human Decision Processes",
volume="65",
issue="3",
pages="252-267"
}

@ARTICLE{TaberLodge2006,
author="Charles Taber and Milton Lodge",
year="2006",
title="Motivated Skepticism in the Evaluation of Political Beliefs",
journal="American Journal of Political Science",
volume="50",
number="3",
pages="755-769"
}

@ARTICLE{TamChoGimpelHui2013,
author="Tam Cho, Wendy K. and James G. Gimpel and Iris S. Hui",
year="2013",
title="Voter Migration and the Geographic Sorting of the American Electorate",
journal="Annals of the Association of American Geographers",
volume="103",
number="4",
pages="856-870"
}

@ARTICLE{Tavits2007,
author="Margit Tavits",
year="2007",
title="Principle vs. Pragmatism: Policy Shifts and Political Competition",
journal="American Journal of Political Science",
volume="51",
number="1",
pages="151–65"
}

@BOOK{Tetlock2005,
author="Philip E. Tetlock",
year="2005",
title="Expert Political Judgment: How Good is It? How can we know?",
publisher="Princeton, NJ: Princeton University Press."
}

@ARTICLE{TomzVanHouweling2009,
author="Michael Tomz and Robert Van Houweling",
year="2009",
title="The Electoral Implications of Candidate Ambiguity",
journal="American Political Science Review",
volume="103",
number="1",
pages="83-98"
}

@ARTICLE{TverskyShafir1992,
author="Amos Tversky and Eldar Shafir",
year="1992",
title="The Disjunction Effect in Choice under Uncertainty",
journal="Psychological Science",
volume="3",
pages="305-309"
}

@BOOK{Vavreck2009,
author="Lynn Vavreck",
year="2009",
title="The Message Matters: The Economy and Presidential Campaigns",
publisher="Princeton, NJ: Princeton University Press"
}

@BOOK{VerbaSchlozmanBrady1995,
author="Sidney Verba and Kay Schlozman and Henry Brady",
year="1995",
title="Voice and Equality: Civic Volunteerism in American Politics",
publisher="Cambridge, MA: Harvard University Press"
}


@ARTICLE{WangSpezioCamerer2010,
author="Joseph Tao\mbox{-}yi Wang and Michael Spezio and Colin F. Camerer",
year="2010",
title="Pinocchio's Pupil: Using Eyetracking and Pupil Dilation to Understand Truth Telling and Deception in Sender-Receiver Games",
journal="The American Economic Review",
volume="100",
number="3",
pages="984-1007"
}

@ARTICLE{Williams2006,
author="Richard Williams",
year="2006",
title="Generalized Ordered Logit: Partial Proportional Odds Models for Ordinal Dependent Variables",
journal="The STATA Journal",
volume="6",
number="1",
pages="58-82"
}


@ARTICLE{Wolak2006,
author="Jennifer Wolak",
year="2006",
title="The Consequences of Presidential Battleground Strategies for Citizen Engagement",
journal="Political Research Quarterly",
volume="59",
number="3",
pages="353-361"
}

@BOOK{WolfingerRosenstone1980,
author="Raymond E. Wolfinger and Stephen J. Rosenstone",
year="1980",
title="Who Votes?",
publisher="New Haven, CT: Yale University Press"
}

@INCOLLECTION{YatesVeinottPatalano2003,
author="J. Frank Yates and Elizabeth Veinott and Andrea L. Patalano",
year="2003",
title="Hard decisions, bad decisions: On decision quality and decision aiding",
editor="S. Schneider and J. Shanteau",
booktitle="Emerging Perspectives in Judgment and Decision Research",
pages="13-63",
publisher="New York: Cambridge University Press"
}



@ARTICLE{Young1988,
author="H.P. Young",
year="1988",
title="Condorcet's Theory of Voting",
journal="American Political Science Review",
volume="82",
number="4",
pages="1231-1244"
}

@INCOLLECTION{Zaller1996,
author="John Zaller",
year="1996",
title="The Myth of Massive Media Impact Revived: New Support for a Discredited Idea",
editor="Diana C. Mutz and Paul M. Sniderman and Richard A. Brody",
booktitle="Political Persuasion and Attitude Change",
publisher="Ann Arbor: University of Michigan Press"
}

@BOOK{Zaller1992,
author="John Zaller",
year="1992",
title="The Nature and Origins of Mass Opinion",
publisher="New York: Cambridge University Press"
}

@ARTICLE{ZallerFeldman1992,
author="John Zaller and Stanley Feldman",
year="1992",
title="A Simple Theory of the Survey Response: Answering Questions Versus Revealing Preferences",
journal="American Journal of Political Science",
volume="36",
number="3",
pages="579-616"
}
